@unpublished{GaudeckerEconProjectTemplates,
  author = {Hans-Martin von Gaudecker},
  note   = {\url{https://doi.org/10.5281/zenodo.2533241}},
  title  = {Templates for Reproducible Research Projects in Economics},
  year   = {2019}
}

@book{anselin1988spatial,
  title={Spatial econometrics: methods and models},
  author={Anselin, Luc},
  volume={4},
  year={1988},
  publisher={Springer Science \& Business Media}
}

@book{kopczewska2020applied,
  title={Applied spatial statistics and econometrics: data analysis in R},
  author={Kopczewska, Katarzyna},
  year={2020},
  publisher={Routledge}
}

@book{lawhead2019learning,
  title={Learning Geospatial Analysis with Python: Understand GIS fundamentals and perform remote sensing data analysis using Python 3.7},
  author={Lawhead, Joel},
  year={2019},
  publisher={Packt Publishing Ltd}
}
